@Entry{subhaṅgurā,
  description = {(su)bhaṅgura = bhṛṅga? Eclipta prostrata (L.) L. See \cite[288]{gvdb}},
  name        = {false daisy},
}

@Entry{kūṣmāṇḍa,
  description = {$\rightarrow $ puṣpaphala. Beninkasa hispida, (Thunb.) Cogn. See \volcite{2}[1127]{avs}; cf. \volcite{1}[261]{avs}},
  name        = {ash gourd},
}

@Entry{kṣīravidārī,
  description = {possibly $\rightarrow $ \emph{kṣīraśukla}. Ipmoea mauritiana, Jacq. See \cite[510]{adps}, \volcite{3}[222]{avs}, \volcite{3}[1717\,ff]{avs}},
  name        = {giant potato},
}

@Entry{jalanīlikā,
  description = {Ceratophyllum demersum, L. See \volcite{2}[56]{avs}, \cite{IGP} 232},
  name        = {hornwort},
}

@Entry{vidārī,
  description = {$\rightarrow $ \emph{payasyā}. Pueraria tuberosa (Willd.) DC. See \cite[510]{adps}, \volcite{1}[792\,f]{avs}, \volcite{4}[391]{avs}; not \volcite{1}[424\,f]{dymock}. See \cite[444, 451]{meul-plants2}, \volcite{1}[187]{avs}, but \volcite{3}[1719]{avs} = Ipmoea mauritiana, Jacq},
  name        = {Indian kudzu},
}

@Entry{sarpagandhā,
  description = {Rauvolfia serpentina, (L.) Benth. ex Kurz. See \volcite{1}[\#2099]{NK}, \cite[439]{adps}, \cite[425]{gvdb}; cf.\ Su.5.5.76--78},
  name        = {Indian snakeroot},
}

@Entry{mahābalā,
  description = {$\rightarrow $ sahadevā. Sida spinosa, L. See \volcite{1}[\#2301]{NK}, \cite[74]{adps}, Index Kewensis},
  name        = {`snake mallow'},
}

@Entry{gāṅgerukī,
  description = {$\rightarrow $ viśvadevā. Canthium parviflorum, Lam. See \volcite{1}[366\,f]{avs}},
  name        = {carray cheddie},
}

@Entry{karpūra,
  description = {$\rightarrow $ śītaśiva. Cinnamomum camphora, (L.) Sieb. See \cite{IGP} 253},
  name        = {camphor},
}

@Entry{dhanvaṅga,
  description = {$\rightarrow $ dhammaṇa? Grewia tiliaefolia, Vahl. See \volcite{3}[104]{avs}, IK, \volcite{1}[386]{avs}, \cite{IGP} 529 (tiliifolia)},
  name        = {dhaman tree},
}

@Entry{tripuṭa,
  description = {tripuṭa(kalāya). Lathyrus sativus, L. See \cite{IGP} 651, \volcite{1}[\#1439]{NK}},
  name        = {khesari pea},
}

@Entry{jīvajīvaka,
  description = {jīvajīvaka. ?. See ?},
  name        = {pheasant peacock},
}

@Entry{haṃsa,
  description = {haṃsa. ?. See ?},
  name        = {swan},
}

@Entry{uśīrabheda,
  description = {$\rightarrow $ \emph{lāmajja}. Andropogon iwarancusa, Roxb. See \volcite{1}[\#176]{NK}},
  name        = {lāmajja grass},
}

@Entry{nalada,
  description = {$\rightarrow $ māṃsī. Nardostachys grandiflora, DC. See \volcite{1}[\#1691]{NK}},
  name        = {spikenard},
}

@Entry{amṛtāsaṅga,
  description = {$\rightarrow $ amṛtā\-saṅga. Zinc carbonate. See \volcite{2}[\#56]{NK}},
  name        = {calamine lotion},
}

@Entry{dravantī,
  description = {$\rightarrow $ mūṣikaparṇī. Jatropha curcas, L. See \volcite{3}[261]{avs}, \volcite{1}[\#1374]{NK}},
  name        = {purging nut},
}

@Entry{bhārṅgī,
  description = {$\rightarrow $ phañjī. Clerodendrum serratum, L. See \volcite{2}[121]{avs}, \cite[87]{adps}},
  name        = {verbena},
}

@Entry{garāgarī,
  description = {$\rightarrow $ gargaraka? Luffa echinata, Roxb. See \volcite{1}[\#1517]{NK}},
  name        = {luffa},
}

@Entry{karaghāṭa,
  description = {$\rightarrow $ karahāṭa? $\rightarrow $ madana. Randia dumetorum, Lamk. See \volcite{1}[\#2091]{NK}},
  name        = {emetic nut},
}

@Entry{agniśikhā,
  description = {$\rightarrow $ vidyutśikhā? Plumbago zeylanica (or rosea?), L. See \volcite{1}[\#1966, 1967]{NK}},
  name        = {leadwort},
}

@Entry{hareṇu,
  description = {hareṇu = satīna. Pisum sativum, L. \citet[419--420, 467--468]{gvdb} notes that two plants are usually meant under this name, but there is no agreement on the identity of the second},
  name        = {peas},
}


@Entry{khadyotaka,
  description = {$\rightarrow $ arka? Calotropis gigantea, (L.) R. Br. See \cite[52]{adps}, \volcite{1}[341]{avs}, \volcite{1}[\#427]{NK}, \cite[63]{potter}},
  name        = {purple calotropis},
}

@Entry{hastiśuṇḍa,
  description = {$\rightarrow $ ibhagandhā? Heliotropium indicum, L. See \volcite{3}[136]{avs}, \volcite{1}[\#1203]{NK}},
  name        = {heliotrope},
}

@Entry{vallīja,
  description = {$\rightarrow $ marica. Piper nigrum, L.?. See \volcite{1}[\#1929]{NK}; Rā.6.115, Dha.4.85, Dha.2.88},
  name        = {black pepper},
}

@Entry{bahuputrā,
  description = {$\rightarrow $ \emph{nandana}? Asparagus racemosus, Willd. See \cite[441]{adps}, \volcite{1}[218]{avs}, \volcite{1}[\#264]{NK}, \cite[103]{IGP}, \volcite{4}[2499\,ff]{avs}, \volcite{3}[482\,ff]{dymock}},
  name        = {wild asparagus},
}

@Entry{pālaka,
  description = {$\rightarrow $ citraka. Plumbago zeylanica (indica? rosea?), L. See Rā. 6.124, \volcite{1}[119]{adps}, \volcite{1}[\#1966, 1967]{NK}},
  name        = {leadwort},
}

@Entry{jīvantī,
  description = {$\rightarrow $ \emph{sūryavallī}? Holostemma ada-kodien, Schultes. See \cite[195]{adps}, \volcite{3}[167, 169]{avs}, \volcite{1}[\#1242]{NK}},
  name        = {Holostemma creeper},
}

@Entry{nāgapuṣpa,
  description = {$\rightarrow$ nāgakeśara. Mesua ferrea, L. See \volcite{1}[\#1595]{NK}, \cite[220]{gvdb}},
  name        = {cobra's saffron},
}

@Entry{śālaparṇī,
  description = {$\rightarrow $ \emph{sthirā}. Desmodium gangeticum (L.) DC. See \volcite{1}[428]{dymock}, \cite[602]{meul-plants1}, \volcite{1}[\#1192]{NK}; \cite[382]{adps}, 414 and \volcite{2}[319]{avs}, 4.366 are confusing},
  name        = {beggarweed},
}

@Entry{śāvara,
  description = {$\rightarrow $ \emph{lodhra}. Symplocos racemosa, Roxb. See \cite[279]{adps}, \volcite{1}[\#2420]{NK}},
  name        = {lodh tree},
}

@Entry{suvarjikā,
  description = {Sodium carbonate. See \volcite{2}[\#45]{NK}},
  name        = {soda crystals},
}

@Entry{tryūṣaṇa,
  description = {{śuṇṭhī} ({Dried ginger}) {Zingiber officinale, Roscoe.} {\cite[50]{adps}, \volcite{1}[\#2658]{NK}, \volcite{5}[435]{avs}, \cite{IGP} 1232}, {pippalī} ({long pepper}) {Piper longum, L.}{\cite[374]{adps}, \volcite{1}[\#1928]{NK}}, and {marica} ({black pepper}) {Piper nigrum, L.}{\cite[294]{adps}, \volcite{1}[\#1929]{NK}}},
  name        = {three heating spices},
}

@Entry{Xsitā,
  description = {$\rightarrow $ śvetā? Clitoria ternatea, L. See \volcite{2}[129]{avs}, \volcite{1}[\#621]{NK}},
  name        = {white clitoria},
}



@Entry{toya,
  description = {$\rightarrow$ bālaka? Pavonia odorata, Willd. \cite[498]{adps}, \volcite{1}[\#1822]{NK}},
  name        = {scented pavonia},
}

@Entry{gairika,
  description = {gairika},
  name        = {red chalk},
}


@Entry{rājadruma,
  description = {rājadruma = āragvadha. Cassia fistula L. See \cite{gvdb} 37},
  name        = {golden shower tree},
}

@Entry{āmalaka,
  description = {Phyllanthus emblica, L. See \volcite{4}[256]{avs}},
  name        = {emblic},
}

@Entry{māṣa,
  description = {Vigna radiata (L.) R. Wilcz. See \cite[296]{adps}, \cite{IGP} 1204},
  name        = {green gram},
}

@Entry{śālmalī,
  description = {Bombax malabarica. See \cite[152]{issa-1994}},
  name        = {silk-cotton tree},
}

@Entry{śephālikā,
  description = {Vitex negundo, L. See \volcite{1}[\#2603]{NK} (cf. use of leaves), \cite[1210a]{IGP}, \cite[1088b]{moni-sans}},
  name        = {five-leaved chaste tree},
}

@Entry{śāka,
  description = {Tectona grandis, L.f. See \volcite{5}[245]{avs}, \citep[1061]{moni-sans}},
  name        = {teak},
}

@Entry{karīra,
  description = {Capparis decidua (Forsk.) Edgew. See \volcite{1}[368]{avs}, \citep[255b]{moni-sans}},
  name        = {caper},
}

@Entry{ālābūka,
  description = {Lagenaria siceria (Molina) Standl. See \cite{IGP} 645, \volcite{1}[\#1419]{NK}},
  name        = {bottle gourd},
}

@Entry{kālindaka,
  description = {Citrullus lanatus (Thumnb.) Matsum \& Nak. See \cite{IGP} 257, \volcite{1}[\#596]{NK}, \volcite{2}[1149]{avs}},
  name        = {watermelon},
}

@Entry{trapusa,
  description = {Cucumis sativus, L. See \volcite{2}[231]{avs}, \volcite{1}[\#731]{NK}},
  name        = {cucumber},
}

@Entry{ervāruka,
  description = {Cucumis melo, L. See \volcite{2}[227]{avs};\volcite{2}[1140--3]{avs}, \cite{IGP} 325--6, \volcite{1}[\#729]{NK} (C. momordica)},
  name        = {sweet melon},
}

@Entry{karkāruka,
  description = {Momordica cochinchinensis (Lour.) Spreng., (Thunb.) Cogn. See\volcite{2}[1135]{avs}, \cite{IGP} 754 (or Beninkasa hispida?\volcite{2}[1127]{avs}; cf. \volcite{1}[261]{avs})},
  name        = {spiny bitter cucumber},
}

@Entry{panasa,
  description = {Artocarpus heterophyllus, Lam. See \volcite{1}[\#249]{NK}, \cite{IGP} 99},
  name        = {jackfruit},
}

@Entry{bimbī,
  description = {Coccinia indica, W. \& A. See PVS 1994.4.715; \volcite{1}[\#534]{NK}},
  name        = {red gourd},
}

@Entry{bilva,
  description = {Aegle marmelos (L.) Corr. See \volcite{1}[62]{avs}, Chevallier 159, \volcite{1}[\#62]{NK}, \citep[732a]{moni-sans}},
  name        = {Bengal quince},
}

@Entry{eraṇḍa,
  description = {Ricinus communis, L. See \volcite{1}[\#2145]{NK}, \cite[214]{chopra}},
  name        = {castor-oil},
}

@Entry{mañjiṣṭhā,
  description = {Rubia cordifolia, L. See \cite{IGP}, \cite[215]{chopra}, \cite[289]{gvdb}},
  name        = {Indian madder},
}

@Entry{yava,
  description = {Hordeum vulgare, L. See HK},
  name        = {barley},
}

@Entry{tila,
  description      = {Sesamum indicum L. \cite[183]{gvdb}},
  name             = {sesame},
  modificationdate = {2023-01-22T18:53:23},
}

@Entry{arka,
  description = {Calotropis gigantea, (L.) R. Br. See \cite[52]{adps}, \volcite{1}[341]{avs}, \volcite{1}[\#427]{NK}, \cite[57]{potter}, \cite[305--308]{chop-1958}},
  name        = {purple calotropis},
}

@Entry{alarka,
  description = {Calotropis procera, (Ait.) R. Br. See \volcite{1}[\#428]{NK}, \cite[46b]{chopra}, \cite[305--308]{chop-1958}},
  name        = {white calotropis},
}

@Entry{atibalā,
  description = {Abutilon indicum, (L.) Sweet, but may be other kinds of mallow, e.g., Sida rhombifolia, L.. See \volcite{1}[\#11]{NK}, \cite[1080]{IGP}, \volcite{1}[\#2300]{NK}, \cite[71, 77]{adps}},
  name        = {country mallow},
}

@Entry{śatāvarī,
  description = {Asparagus racemosus, Willd. See \cite[441]{adps}, \volcite{1}[218]{avs}, \volcite{1}[\#264]{NK}, \cite{IGP} 103, \volcite{4}[2499\,ff]{avs}, \volcite{3}[482,\ff]{dymock}},
  name        = {wild asparagus},
}

@Entry{aśvagandhā,
  description = {Withania somnifera (L.) Dunal. See \volcite{5}[409\,f]{avs}, \volcite{2}[566\,f]{dymock}., Chevallier 150},
  name        = {Withania},
}

@Entry{śampāka,
  description = {Cassia fistula, L. See \cite[48]{adps}, \volcite{2}[11\,ff]{avs}, \volcite{2}[854]{avs}, \cite{IGP} 215},
  name        = {Indian laburnum},
}

@Entry{gaurī,
  description = {Curcuma longa, L. See \cite[169]{adps}, \volcite{2}[259]{avs}, \volcite{1}[\#750]{NK}},
  name        = {turmeric},
}

@Entry{madhūka,
  description = {Madhuca longifolia, (Koenig) Macbride. See \volcite{3}[362\,f]{avs}},
  name        = {mahua},
}

@Entry{pataṅga,
  description = {Caesalpinia sappan, L. See \volcite{1}[323]{avs}, \volcite{2}[847\,f]{avs}},
  name        = {sappan wood},
}

@Entry{nyagrodha,
  description = {Ficus bengalensis, L. See HK},
  name        = {banyan},
}

@Entry{udumbara,
  description = {Ficus racemosa, L. See \cite[487]{adps}},
  name        = {cluster fig},
}

@Entry{aśvattha,
  description = {Ficus religiosa, L. See \cite[63]{adps}},
  name        = {peepul tree},
}

@Entry{pārīṣa,
  description = {Thespesia populnea (L.) Sol.\ ex.\ Corr. See \cite[352]{adps}},
  name        = {portia tree},
}

@Entry{plakṣa,
  description = {Ficus microcarpa, L.\ f. See \cite[377]{adps}},
  name        = {Indian laurel},
}

@Entry{jatu,
  description = {Kerria lacca (Kerr.). See http://www.icar.org.in/ilri/default.htm},
  name        = {lac},
}

@Entry{elā,
  description = {Elettaria cardamomum, Maton. See \volcite{2}[360]{avs}, \volcite{1}[\#924]{NK}, \cite[66]{potter}},
  name        = {cardamom},
}

@Entry{citraka,
  description = {Plumbago zeylanica (\textnormal {or} indica?), L. See RĀ.\ 6.124, \cite[119]{adps}, \volcite{1}[\#1966, 1967]{NK}},
  name        = {leadwort},
}

@Entry{naktamāla,
  description = {Pongamia pinnata, (L.) Pierre. See \volcite{4}[339]{avs}, \volcite{1}[\#2003]{NK}},
  name        = {Indian beech},
}

@Entry{rodhra,
  description = {Symplocos racemosa, Roxb. See \cite[279]{adps}, \volcite{1}[\#2420]{NK}},
  name        = {lodh tree},
}

@Entry{godhūma,
  description = {Triticum vulgare, L. See HK},
  name        = {wheat},
}

@Entry{śāla,
  description = {Shorea robusta, Gaertn.f.\ See \volcite{5}[124]{avs}},
  name        = {sal tree},
}

@Entry{sarja,
  description = {Vateria indica, L. See \volcite{1}[\#2571]{NK}, \volcite{5}[349\,f]{avs}, \volcite{1}[292\,f]{avs}, \cite[253a]{chopra}},
  name        = {white dammer tree},
}

@Entry{arjuna,
  description = {Terminalia arjuna, Bedd. See HK},
  name        = {arjun},
}

@Entry{arimeda,
  description = {Acacia leucophloea, (Roxb.) Willd. See \volcite{1}[23]{avs}},
  name        = {white babool},
}

@Entry{meṣaśṛṅga,
  description = {Gymnema sylvestre (Retz.) R. Br.\ See \volcite{3}[107]{avs}, \volcite{1}[\#1173]{NK}},
  name        = {periploca of the woods},
}

@Entry{dhava,
  description = {Anogeissus latifolia (Roxb.\ ex DC.) Wall.\ ex Guill \& Perr. See \volcite{1}[163\,f]{avs}, \cite[20]{chopra}},
  name        = {axlewood},
}

@Entry{kākolī,
  description = {Ziziphus mauritanica, Lam. See \cite[1233]{IGP}, \volcite{1}[\#2663]{NK}; \cite{IGP} 1233. Cf.\ \volcite{1}[\#1170]{NK}},
  name        = {cottony jujube},
}

@Entry{eṇa,
  description = {Antilope cervicapra, L. See \cite[70]{bia}},
  name        = {Indian antelope},
}

@Entry{hariṇa,
  description = {Antilope cervicapra, L. See \cite[270]{bia} \cite[95, 165, \emph{et passim}]{IW}},
  name        = {blackbuck},
}

@Entry{urabhra,
  description = {Ovis orientalis, Gmelin?. See BIA 249},
  name        = {sheep},
}

@Entry{kalāya,
  description = {Pisum sativum, L. See \volcite{4}[308]{avs}, \cite{IGP} 901; cf.\ \volcite{1}[\#1940]{NK}},
  name        = {garden pea},
}

@Entry{kuśa,
  description = {Desmostachya bipinnata, Stapf. See \volcite{2}[326]{avs}, Kew},
  name        = {sacred grass},
}

@Entry{candana,
  description = {Santalum album, L. See \cite[111]{adps}, \volcite{1}[\#2217]{NK}},
  name        = {sandalwood},
}

@Entry{somavalka,
  description = {Acacia polyacantha, Willd. See \volcite{1}[30]{avs}, \cite{IGP} 7, \cite[602]{meul-plants1}, \volcite{2}[935]{avs}; \emph {pace} \volcite{1}[\#1038]{NK}},
  name        = {white cutch tree},
}

@Entry{atasī,
  description = {Linum usitatissimum, L. See \cite{NK}\#1495},
  name        = {flax},
}

@Entry{uśīra,
  description = {Andropogon murcatus, Retz. Also ``vetiver grass.'' See \volcite{1}[\#180]{NK}},
  name        = {cuscus grass},
}

@Entry{balā,
  description = {Sida cordifolia, Linn. See \cite[71]{adps}, \volcite{1}[\#2297]{NK}},
  name        = {heart-leaf sida},
}

@Entry{cakora,
  description = {Alectoris chukar. See \cite[45]{collins}},
  name        = {chukar partridge},
}

@Entry{kokila,
  description = {Eudynamys scolopacea. See \cite[66]{collins}},
  name        = {koel},
}

@Entry{krauñca,
  description = {Grus grus. See \cite[47]{collins}},
  name        = {common crane},
}

@Entry{mayūra,
  description = {Pavo cristatus. See \cite[39]{collins}},
  name        = {peacock},
}

@Entry{śuka,
  description = {Psittacula krameri\slash eupatria\slash cyanocephala. See \cite[64]{collins}},
  name        = {parakeet},
}

@Entry{sārikā,
  description = {Acridotheres tristis tristis, L., etc. See Ali \#1006, \citet [28\,ff.]{dave}, \citet [119]{collins}},
  name        = {hill myna},
}

@Entry{bhṛṅgarāja,
  description = {Dicrurus paradiseus. See \cite[123]{collins}},
  name        = {racket-tailed drongo},
}

@Entry{pṛṣata,
  description = {Axis axis, Erxleben. See \cite[292]{bia}, \cite[93]{IW}},
  name        = {chital deer},
}

@Entry{kuṣṭha,
  description = {Saussurea costus, Clarke. See \volcite{1}[\#2239]{NK}},
  name        = {costus},
}

@Entry{śirīṣa,
  description = {Albizia lebbeck, Benth. See \volcite{1}[81]{avs}, \volcite{1}[\#91]{NK}},
  name        = {siris},
}

@Entry{śyāmā,
  description = {Callicarpa macrophylla, Vahl. See \volcite{1}[334]{avs}, \volcite{1}[\#420]{NK}},
  name        = {beautyberry},
}

@Entry{somā,
  description = {Ruta graveolens, L., or Sarcostemma brevistigma, W \& A, etc. See \volcite{1}[\#2179, 2228]{NK}; \cite[262]{potter}},
  name        = {`gentle'},
}

@Entry{utpala,
  description = {Nymphaea stellata, Willd. See \cite[528]{meul-plants1}, \cite{IGP} 790; \cite[110]{dutt-1922}, \volcite{1}[\#1726]{NK}},
  name        = {blue water-lily},
}

@Entry{madana,
  description = {Randia dumetorum, Lamk. See \volcite{1}[\#2091]{NK}},
  name        = {emetic nut},
}

@Entry{nīlinī,
  description = {Indigofera tinctoria, L. See \volcite{1}[\#1309]{NK}},
  name        = {indigo},
}

@Entry{dhātakī,
  description = {Woodfordia fruticosa (L.) Kurz. See \volcite{5}[412]{avs}, \volcite{1}[\#2626]{NK}},
  name        = {fire-flame bush},
}

@Entry{pathyā,
  description = {Terminalia chebula Retz. See \volcite{1}[\#2451]{NK}},
  name        = {myrobalans},
}

@Entry{jambū,
  description = {Syzygium cumini, (L.) Skeels. See \cite[188]{adps}, \volcite{1}[\#967]{NK}, \cite[168]{potter}, \cite{wuja-2003b}},
  name        = {jambul},
}

@Entry{veṇupatrikā,
  description = {Bambusa bambos, Druce. See \volcite{1}[\#307]{NK}},
  name        = {bamboo leaves},
}

@Entry{padma,
  description = {Nelumbo nucifera, Gaertn. See \volcite{1}[\#1698]{NK}},
  name        = {sacred lotus},
}

@Entry{tvac,
  description = {Cinnamomum cassia, Blume. See \volcite{1}[\#579]{NK}},
  name        = {cinnamon},
}

@Entry{kapittha,
  description = {Limonia acidissima, L. See \volcite{3}[327]{avs}, \volcite{1}[\#1021]{NK}},
  name        = {wood apple},
}

@Entry{pālindī,
  description = {Ichnocarpus frutescens, (L.) R.Br. \textnormal {or} Cryptolepis buchanani, Roemer \& Schultes. See \volcite{3}[141]{avs}, 3.145, 3.203, \volcite{1}[\#1283, 1210]{NK}, \cite[434]{adps}},
  name        = {black creeper},
}

@Entry{taṇḍulīyaka,
  description = {Amaranthus hypochondriacus, L. See King 321, \volcite{1}[\#144]{NK}, \cite[15]{potter}. Cf.\ \volcite{1}[121]{avs}},
  name        = {amaranth},
}

@Entry{mālatī,
  description = {Jasminium grandiflorum, L. See \volcite{1}[\#1364]{NK}},
  name        = {jasmine},
}

@Entry{madayantikā,
  description = {Lawsonia inermis, L. See \volcite{3}[303]{avs}, \volcite{1}[\#1448]{NK}, \cite[151]{potter}},
  name        = {henna},
}

@Entry{māgadha,
  description = {Piper longum, L. See \volcite{1}[\#1928]{NK}; but cf.\ \volcite{3}[245]{avs}},
  name        = {long pepper},
}

@Entry{varuṇa,
  description = {Crataeva magna (Lour.) DC. See \volcite{2}[202]{avs}; cf.\, \volcite{1}[\#696]{NK}},
  name        = {three-leaved caper},
}

@Entry{muṣkaka,
  description = {Schrebera swietenioides, Roxb. See \volcite{5}[88]{avs}, Lord, \volcite{1}[\#2246]{NK}},
  name        = {weaver's beam tree},
}

@Entry{bhallātaka,
  description = {Semecarpus anacarium, L. See \volcite{1}[\#2269]{NK}, \volcite{5}[98]{avs}},
  name        = {marking-nut tree},
}

@Entry{bandhūka,
  description = {Pentapetes phoenicea, L. See \volcite{1}[\#1836]{NK}, \cite[268]{gvdb}},
  name        = {Midday flower},
}

@Entry{aṅkoṭa,
  description = {Alangium salvifolium, (L. f.) Wang. See \volcite{1}[77]{avs}; cf.\, \volcite{1}[\#88]{NK}},
  name        = {sage-leaved alangium},
}

@Entry{mūṣikā,
  description = {Jatropha curcas, L. See \volcite{3}[261]{avs}, \volcite{1}[\#1374]{NK}},
  name        = {purging nut},
}

@Entry{godhā,
  description = {Varanus bengalensis, Schneider. See \cite[58]{dani-1983}},
  name        = {monitor lizard},
}

@Entry{mahauṣadha,
  description = {Zingiber officinale, Roscoe. See \cite[50]{adps}, \volcite{1}[\#2658]{NK}, \cite[1232]{IGP}},
  name        = {ginger},
}

@Entry{pippalī,
  description = {Piper longum, L. See \cite[374]{adps}, \volcite{1}[\#1928]{NK}},
  name        = {long pepper},
}

@Entry{śimbī,
  description = {Dolichos lablab, L. See \volcite{1}[\#870]{NK}},
  name        = {hyacinth bean},
}

@Entry{guñjā,
  description = {Abrus precatorius, L. See \volcite{1}[10]{avs}, \volcite{1}[\#6]{NK}, \cite[168]{potter}},
  name        = {jequirity},
}

@Entry{vijayā,
  description = {Cannabis sativa, L. See \volcite{1}[356]{avs}, \volcite{1}[\#442]{NK}},
  name        = {cannabis},
}

@Entry{viṣapatrikā,
  description = {unknown. See ?},
  name        = {`poison-leaf'},
}

@Entry{lambā,
  description = {unknown. See ?},
  name        = {`dangling'},
}

@Entry{varadāru,
  description = {unknown. See ?},
  name        = {`choice tree'},
}

@Entry{karambha,
  description = {Datura metel, L. See \cite[76]{gvdb} for useful discussion.  Also, \volcite{2}[305]{avs} (cf.\ Abhidhāna\-mañjarī), \volcite{1}[\#796\,ff.]{NK}, \cite[292\,f]{potter}, \cite[132]{adps}.  Possibly the same plant as \gls{indīvara} (\emph{indīvara}) \citep[76, 44--45]{gvdb}},
  name        = {thorn apple},
}

@Entry{mahākarambha,
  description = {Datura metel, L.?. See \gls{karambha} (\emph{karambha})},
  name        = {`big thorn apple'},
}

@Entry{kumudvatī,
  description = {unknown. See ?},
  name        = {kumudvatī},
}

@Entry{veṇukā,
  description = {Bambusa bambos, Druce?. See \volcite{1}[\#307]{NK}},
  name        = {`little bamboo'},
}

@Entry{karkoṭaka,
  description = {Luffa acutangula, (L.) Roxb.? (Mormodica cochinchinensis, Spreng.? Cf.\ Luffa tuberosa). See \volcite{3}[347]{avs} (\volcite{1}[\#1640 1643]{NK}; \volcite{1}[\#1520]{NK})},
  name        = {ribbed gourd},
}

@Entry{Xhareṇu,
  description = {Amomum subulatum, Roxb.?. See PVS Caraka 2.734, \volcite{1}[128]{avs}, \volcite{1}[\#154]{NK}, \emph{pace} \cite[467--468]{gvdb}},
  name        = {black cardamom},
}

@Entry{carmarī,
  description = {unknown. See ?},
  name        = {carmarī},
}

@Entry{sarpaghāti,
  description = {unknown. See ?},
  name        = {`snake-killer'},
}

@Entry{nandana,
  description = {unknown. See ?},
  name        = {`gladdener'},
}

@Entry{sārapāka,
  description = {unknown. See ?},
  name        = {`juice-cooker'},
}

@Entry{vetra,
  description = {Calamus rotang, L. See \volcite{1}[330]{avs}, \volcite{1}[\#413]{NK}},
  name        = {rattan},
}

@Entry{kādamba,
  description = {Anthocephalus cadamba, Miq. See \volcite{1}[\#204]{NK}},
  name        = {wild chinchona},
}

@Entry{antrapācaka,
  description = {unknown. See ?},
  name        = {`gutboiler'},
}

@Entry{kartarīya,
  description = {unknown. See ?},
  name        = {`blade'},
}

@Entry{saurīyaka,
  description = {Cleome viscosa, L.? (cf.\ Rā.4.144). See \volcite{2}[116]{avs}, \volcite{1}[\#615]{NK}},
  name        = {wild mustard},
}

@Entry{nārācaka,
  description = {Saccharum bengalense, Retz.?. See \volcite{1}[\#2184]{NK}},
  name        = {munj grass},
}

@Entry{snuhī,
  description = {Euphorbia neriifolia, L., \textnormal {or} E. antiquorum, L. See \cite[448]{adps}, \volcite{2}[388]{avs}, \volcite{3}[1]{avs}, \volcite{1}[\#988]{NK}, \cite{IGP} 457b},
  name        = {oleander spurge},
}

@Entry{jālakṣīri,
  description = {unknown. See ?},
  name        = {`web-milk'},
}

@Entry{phenāśma,
  description = {unknown. See ?},
  name        = {`foam-stone'},
}

@Entry{haritāla,
  description = {Arsenii trisulphidum. See \cite{NK} v.\,2, p.\,20\,ff},
  name        = {orpiment},
}

@Entry{kālakūṭa,
  description = {Abrus precatorius, L.? Cf.\ RRS 21.14. See \volcite{1}[10]{avs}, \volcite{1}[\#6]{NK}, \cite[168]{potter}},
  name        = {jequirity},
}

@Entry{vatsanābha,
  description = {Aconitum napellus, L. See \volcite{1}[47]{avs}, \volcite{1}[\#42]{NK}, \cite[4\,f]{potter}},
  name        = {wolfsbane},
}

@Entry{sarṣapa,
  description = {Brassica juncea, Czern. \& Coss. See \volcite{1}[301]{avs}, \volcite{1}[\#378]{NK}},
  name        = {Indian mustard},
}

@Entry{kardama,
  description = {unknown. See ?},
  name        = {`muddy'},
}

@Entry{vairāṭaka,
  description = {unknown. See ?},
  name        = {`Virāṭa's plant'},
}

@Entry{śṛṅgīviṣa,
  description = {Aconitum heterophyllum, Wall. ex Royle. See \volcite{1}[42]{avs}, \volcite{1}[\#39]{NK}},
  name        = {atis root},
}

@Entry{prapuṇḍarīka,
  description = {Nelumbo nucifera, Gaertn. See Dutt 110, \volcite{1}[\#1698]{NK}},
  name        = {sacred lotus},
}

@Entry{mūlaka,
  description = {Raphanus sativus, L. See \volcite{1}[\#2098]{NK}},
  name        = {radish},
}

@Entry{hālāhala,
  description = {unknown. See Cf. Soḍhalanighantu p.43 (sub bola) = stomaka = vatsanābha},
  name        = {`alas, alas'},
}

@Entry{mahāviṣa,
  description = {unknown. See ?},
  name        = {`big poison'},
}

@Entry{karkaṭa,
  description = {Rhus succedanea, L. See \volcite{1}[\#2136]{NK}},
  name        = {galls},
}

@Entry{madhuka,
  description = {see \emph{yaṣṭīmadhuka}},
  name        = {liquorice},
}

@Entry{klītaka,
  description = {Glycyrrhiza glabra, L.? \cite[123--124]{gvdb} discuss the many difficulties in identifying this plant},
  name        = {liquorice (?)},
}

@Entry{koṣātakya,
  description = {Luffa cylindrica, (L.) M. J. Roem. \textnormal {or} L. acutangula, (L.) Roxb. See \cite[252]{adps}, \volcite{1}[\#1514]{NK} etc},
  name        = {luffa},
}

@Entry{agnimantha,
  description = {Premna corymbosa, Rottl. See \cite{avs} 1927, \cite[21]{adps}, \volcite{1}[\#2025]{NK}, \volcite{4}[348]{avs}; \cite[523]{meul-plants1}: = P. integrifolia/serratifolia, L},
  name        = {migraine tree},
}

@Entry{pāṭhā,
  description = {Cissampelos pariera, L. See \cite[366]{adps}, \volcite{1}[\#592]{NK}, \cite[573]{meul-plants1}, \volcite{1}[95]{avs}; cf. \volcite{2}[277]{avs}},
  name        = {velvet-leaf},
}

@Entry{abhayā,
  description = {Terminalia chebula, Retz. See \cite[172]{adps}, \volcite{1}[\#2451]{NK}, \cite[214]{potter}},
  name        = {myrobalan},
}

@Entry{kiṇihī,
  description = {Albizia procera, (Roxb.) Benth. See \cite{gvdb} 98, \volcite{1}[\#93]{NK}},
  name        = {white siris},
}

@Entry{śelu,
  description = {Cordia myxa, L. non Forssk. See \cite[529]{meul-plants1} (2), \cite[291b]{IGP}, cf.\ \volcite{3}[1677\,f]{avs}; cf. \volcite{2}[180]{avs} (C. dichotoma, Forst.f.), \volcite{1}[\#672]{NK} (C. latifolia, Roxb.)},
  name        = {selu plum},
}

@Entry{punarnavā,
  description = {Boerhaavia diffusa, L. See \cite[387]{adps}, \volcite{1}[281]{avs}, \volcite{1}[\#363]{NK}},
  name        = {hogweed},
}

@Entry{śuṇṭhī,
  description = {Zingiber officinale, Roscoe. See \cite[50]{adps}, \volcite{1}[\#2658]{NK}, \volcite{5}[435]{avs}, \cite[1232]{IGP}},
  name        = {dried ginger},
}

@Entry{marica,
  description = {Piper nigrum, L. See \cite[294]{adps}, \volcite{1}[\#1929]{NK}},
  name        = {black pepper},
}

@Entry{bhadradāru,
  description = {Cedrus deodara, (Roxb.ex D.Don) G. Don. See \cite{avs} 41, \volcite{1}[\#516]{NK}},
  name        = {deodar},
}

@Entry{punnāga,
  description = {Calophyllum inophyllum, L. See \volcite{1}[338]{avs}, \volcite{1}[\#425]{NK}},
  name        = {Alexandrian laurel},
}

@Entry{elavālu,
  description = {Prunus cerasus, L.?. See BVDB 58, \volcite{1}[\#2037]{NK}, \cite[58]{gvdb}},
  name        = {cherry},
}

@Entry{viḍaṅga,
  description = {Embelia ribes, Burm. f. See \cite[507]{adps}, \volcite{2}[368]{avs}, \volcite{1}[\#929]{NK}, \cite[113]{potter}},
  name        = {embelia},
}

@Entry{patra,
  description = {Cinnamomum tamala, (Buch.-Ham.) Nees. See \volcite{2}[84]{avs}, \volcite{1}[\#589]{NK}},
  name        = {cassia cinnamon},
}

@Entry{dhyāmaka,
  description = {Cymbopogon martinii (Roxb.) Wats. See \volcite{2}[285]{avs}, \volcite{1}[\#177]{NK}},
  name        = {rosha grass},
}

@Entry{dāruharidrā,
  description = {Berberis aristata, DC. See \volcite{1}[65]{dymock}, \volcite{1}[\#685]{NK}, \cite[562]{meul-plants1}, \cite{IGP} 141},
  name        = {Indian barberry},
}

@Entry{bṛhatī,
  description = {Solanum violaceum, Ortega. See \cite[100]{adps}, \volcite{1}[\#2329]{NK}, \volcite{5}[151]{avs}},
  name        = {poison berry},
}

@Entry{kṣudrā,
  description = {Solanum virginianum, L. See \cite[100]{adps}, \volcite{1}[\#2329]{NK}, \volcite{5}[164]{avs}},
  name        = {yellow-berried nightshade},
}

@Entry{māṃsī,
  description = {Nardostachys grandiflora, DC. See \volcite{1}[\#1691]{NK}},
  name        = {spikenard},
}

@Entry{paripelavā,
  description = {Normally a neuter noun. \citet[238, 264--265, 409]{gvdb} argued that \emph{plava} and \emph{śaivāla} are the same thing, and may be either Zannichellia palustris, L., or Potamogeton pectinatus, L},
  name        = {pondweed},
}

@Entry{bālaka,
  description = {Pavonia odorata, Willd. See \cite[498]{adps}, \volcite{1}[\#1822]{NK}},
  name        = {scented pavonia},
}

@Entry{sitā,
  description = {Ḍalhaṇa makes this equation at \Su{1.37.25}{162}},
  name        = {sugar},
}

@Entry{sārivā,
  description = {$\rightarrow$ \emph{anantā}. Hemidesmus indicus, (L.) R. Br. \cite[434]{adps}, \volcite{3}[141]{avs}--5, \volcite{1}[\#1210]{NK}; and black creeper, pālindī. Ichnocarpus frutescens, (L.) R.Br. or Cryptolepis buchanani, Roemer \& Schultes \volcite{3}[141]{avs}, 3.145, 3.203, \volcite{1}[\#1283, 1210]{NK}, \cite[434]{adps}},
  name        = {Indian sarsaparilla},
}

@Entry{aṃśumatī,
  description = {Desmodium gangeticum (L.) DC (\volcite{1}[428]{dymock}, \cite[602]{meul-plants1}, \volcite{1}[\#1192]{NK}; \cite[382]{adps}, 414 and \volcite{2}[319]{avs}, 4.366 are confusing)},
  name        = {beggarweed},
}

@Entry{rajanī,
  description = {Curcuma longa, L. \cite[169]{adps}, \volcite{2}[259]{avs}, \volcite{1}[\#750]{NK}},
  name        = {turmeric},
}

@Entry{hema,
  description = {gold},
  name        = {gold},
}

@Entry{suvarcikā,
  description = {Sodium carbonate. \volcite{2}[\#45]{NK}. Ḍalhaṇa identifies \emph{suvarcikā} with {svarjikṣāra} \Su{4.8.50}{441}},
  name        = {natron},
}

@Entry{aśvakarṇa,
  description = {Dipterocarpus turbinatus Gaertn.\ f. See \cite[28]{gvdb}, \cite[100]{chopra}},
  name        = {garjan oil tree},
}

@Entry{pāribhadra,
  description = {Erythrina suberosa Roxb. See \cite{gvdb} 245},
  name        = {corky coral tree},
}

@Entry{sidhraka,
  description = {Lagerstroemia parviflora Roxb. See \cite[432]{gvdb}},
  name        = {small-flowered crape myrtle},
}

@Entry{āragvadha,
  description = {Cassia fistula L. See \cite{gvdb} 37},
  name        = {golden shower tree},
}

@Entry{vijayā2,
  description = {Dolichandrone falcata (DC.) The \emph{Sauśrutanighaṇṭu} gives a number of synonyms for \emph{vijayā} \citep[5.77, 10.143]{suve-2000}. But one of them, \emph{viṣāṇī} (also \emph{meṣaśṛṅgī}), is sometimes equated with \emph{Dolichandrone falcata (DC.) Seemann} (\cites[518]{adps}[373\,f]{gvdb}, a plant used as an abortifacient and fish poison \citep[\#862]{NK}},
  name        = {medhshingi},
}

@Entry{anantā,
  description = {Hemidesmus indicus, (L.) R. Br. See \cite[434]{adps}, \volcite{3}[141]{avs}--5, \volcite{1}[\#1210]{NK}. But see \cite[13]{gvdb} for complications that may suggest that it is to be equated with \emph{sārivā}, which may sometimes be Cryptolepis or Ichnocarpus fruitescens R. Rr. (\cite[429-431]{gvdb})},
  name        = {country sarsaparilla},
}

@Entry{kuṭaja,
  description = {Holarrhena pubescens Wall. ex G.Don, with Wrightia tinctoria and W. arborea considered \cite[101--102]{gvdb}, \cite[267--270]{adps}},
  name        = {Tellicherry bark},
}

@Entry{śevāla,
  description = {Zannichellia palustris L.   See \gls{śaivāla}},
  name        = {pondweed},
}

@Entry{jalaśūka,
  description = {$\rightarrow $ \emph{jalanīlikā}. Ceratophyllum demersum, L. See \volcite{2}[56]{avs}, \cite[232]{IGP}. \citet[166]{gvdb} suggest \gls{śaivāla}. Ḍalhaṇa noted on \Su{1.16.19}{79} that some people interpret it as a poisonous, hairy, air-breathing, underwater creature},
  name        = {hornwort},
}

@Entry{tārāvitāra,
  description = {Unknown. It is not even certain that these are minerals. The variant reading in the vulgate, \emph{tāraḥ sutāraḥ} was glossed by Ḍalhaṇa on \Su{5.3.14}{568} as follows \emph{tāro rūpyaṃ, sutāraḥ pāradaḥ}, ``tāra means silver; sutāra means mercury."},
  name        = {certain minerals},
}

@Entry{surendragopa,
  description = {Unknown. Ḍalhaṇa on \Su{5.3.15}{568} glossed \emph{surendra} as ``gold" and \emph{gopā} as ``\gls{sārivā}." He also noted other opinions that \emph{surendra} was ``\gls{kuṭaja}''},
  name        = {gold and sarsaparilla},
}

@Entry{kuruvinda,
  description = {Unknown. Ḍalhaṇa on \Su{5.3.15}{568} glossed the term as \gls{mustā}, but noted other opinions that it was a whetstone or a very special metallic gem. \citet[108]{gvdb} added that it could be a variety of rice, \emph{ṣaṣṭika dhānya}},
  name        = {nutgrass},
}

@Entry{vakra,
  description = {Podophyllum emodi, Wall.\ \citep[\#1971]{NK}. But perhaps a synonm of \gls{tagara} and \gls{nata} \citep[354]{gvdb}},
  name        = {Himalayan mayapple},
}

@Entry{tagara,
  description = {Tabernaemontana divaricata (L.) R.Br.\ ex Roem.\ \& Schultes. See \cite[557]{meul-plants1}, \volcite{5}[232]{avs}. Synonym of \gls{nata}. But some say Valeriana jatamansi, Jones See \cite[173--174]{gvdb} for discussion (and charming comments on brain liquid testing). Some say \emph{tagara} is Indian rose-bay or Indian valerian, but there remain many historical questions about the ancient and regional identities of this plant See, e.g., \volcite{5}[334]{avs}},
  name        = {crape jasmine},
}

@Entry{jaṭāmāṃsī,
  description = {Nardostachys jatamansi DC \cite[163]{gvdb}, etc},
  name        = {spikenard},
}

@Entry{priyaṅgu,
  description = {$\rightarrow$ \emph{śyāmā}. Callicarpa macrophylla, Vahl. See \volcite{1}[334]{avs}, \volcite{1}[\#420]{NK}. Some say also Setaria italica Beauv. \cite[263--264]{gvdb}. See also \cite[413]{gvdb}},
  name        = {beautyberry},
}

@Entry{haridrā,
  description = {Curcuma longa Linn. \cite[465]{gvdb}},
  name        = {turmeric},
}

@Entry{lākṣā,
  description = {Kerria lacca (Kerr.). See \cite[445]{meul-plants1}, \volcite{2}[\#32]{NK}. \citet[1053--1066]{watt-comm} is characteristically informative, and is definite about the antiquity of lac in India},
  name        = {lac},
}

@Entry{kṣīraśuklā,
  description = {An unidentified plant. \cite[126]{gvdb}: see \gls{kṣīrakākolī} and \gls{kṣīravidārī}},
  name        = {milk-white},
}

@Entry{kṣīrakākolī,
  description = {\cite[89]{gvdb} notes that many physicians use \emph{Roscoea procera} Wall.\ in this context. But the identification is uncertain. Possibly connected to \gls{kṣīraśuklā} or \gls{kṣīravidārī}},
  name        = {purple roscoea},
}

@Entry{vidārigandhā,
  description = {$\rightarrow $ \emph{śālaparṇī}. Desmodium gangeticum (L.) DC. See \volcite{1}[428]{dymock}, \cite[602]{meul-plants1}, cf.\ \volcite{1}[\#1192]{NK}; \cite[382, 414]{adps} and \volcite{2}[319]{avs}, 4.366 are confusing},
  name        = {beggarweed},
}

@Entry{kāśmarī,
  description = {$\rightarrow $ madhuparṇī. Gmelina arborea, Roxb. See \cite[543]{meul-plants1}, \cite[51]{bole-1986}, \cite[240]{adps}},
  name        = {white teak},
}

@Entry{kālīyaka,
  description = {$\rightarrow $ \emph{dāruharidrā, añjana}. Berberis aristata, DC. See \volcite{1}[65]{dymock}, \volcite{1}[\#685]{NK}, \cite[562]{meul-plants1}, \cite[141]{IGP}},
  name        = {Indian barberry},
}

@Entry{pṛśniparṇī,
  description = {$\rightarrow $ sahā? Uraria lagopoides, DC. See \cite[577]{meul-plants1}, \volcite{1}[426]{dymock}, \volcite{1}[750\,ff]{avs}, \volcite{1}[\#2542]{NK}; \cite[382]{adps}, \volcite{2}[319]{avs} and \volcite{4}[366]{avs} are confusing},
  name        = {hare foot uraria},
}

@Entry{apāmārga,
  description = {Achyranthes aspera, L. See \cite[524\,f]{meul-plants1}, \volcite{1}[39]{avs}, \cite[44\,f]{adps}, \volcite{3}[2066\,f]{avs}, \volcite{3}[135]{dymock}},
  name        = {prickly chaff-flower},
}

@Entry{pāṭalā,
  description = {Stereospermum chelonides, (L. f.) A. DC. See \cite[573]{meul-plants1}, \volcite{5}[192\,ff]{avs}, \cite[362\,f]{adps}, \volcite{3}[1848\,f]{avs}, \cite{IGP} 1120, \volcite{3}[20\,ff]{dymock}},
  name        = {crimson trumpet-flower tree},
}

@Entry{lakuca,
  description = {Artocarpus lakoocha, Roxb.\ ex Buch.-Ham. See \cite[597]{meul-plants1}, \cite{IGP} 99, IPM 3.2338f., pace \volcite{1}[215]{avs}},
  name        = {monkey jack},
}

@Entry{śigru,
  description = {Moringa oleifera Lam. See \cite{IGP} 759, \cite[603]{meul-plants1}, \volcite{1}[396]{dymock}},
  name        = {horseradish tree},
}

@Entry{pūtīkā,
  description = {Basella alba, L. See \volcite{1}[\#318]{NK} (rubra), \cite[489]{adps}, \volcite{1}[253]{avs}, \cite{IGP} 129b},
  name        = {Indian spinach},
}

@Entry{lodhra,
  description = {Symplocos racemosa, Roxb. See \cite[597]{meul-plants1}, \cite[279\,f]{adps}, \volcite{1}[\#2420]{NK}. \citet[351--352]{gvdb} notes that there are two varieties, S. racemosa, qualified as śāvara, and S. crataegoides Buch.-Ham.\ for \emph{paṭṭikā lodhra}},
  name        = {lodh tree},
}

@Entry{madhuvarga,
  description = {Suśrutasaṃhitā's eight categories of honey. See \SS\ 1.45.132 and \cite[278--279]{dutt-1922}},
  name        = {various kinds of honey},
}

@Entry{madhuravarga,
  description = {The sweet plants are enumerated at \SS\ 1.42.11. See also \cite[127]{gvdb}},
  name        = {sweet plants},
}

@Entry{kṣīrikā,
  description = {Mimusops hexandra, Roxb. \citep[126--127]{gvdb}},
  name        = {Ceylon iron wood},
}

@Entry{kṣīriṇī,
  description = {various milky plants, perhaps including Euphorbia hirta Linn. (asthma plant) and E. microphylla Heyne (Gulf sandmat) \citep[127]{gvdb}},
  name        = {plants like asthma plant and Gulf sandmat},
}

@Entry{kaśeru,
  description = {"Two species, Scirpus kysoor Roxb., and S. grossus Linn. f. are used" \cite[85]{gvdb}. Also kaśeruka and kaseru},
  name        = {bulrush},
}

@Entry{pattāṅga,
  description = {Also \emph{pattaṅga}. Caesalpinia sappan, L. \volcite{1}[323]{avs}, \volcite{2}[847\,f]{imp}, \cite[234]{gvdb}},
  name        = {sappanwood},
}

@Entry{yaṣṭīmadhuka,
  description = {Glycyrrhiza glabra, L. \volcite{3}[84]{avs}, \volcite{1}[\#1136]{NK}, \cite[329\,f.]{gvdb}},
  name        = {liquorice},
}

@Entry{añjana,
  description = {$\rightarrow$ \emph{rasāñjana, dāruharidrā}. Berberis aristata, DC. \volcite{1}[65]{dymock}, \volcite{1}[\#335]{NK}, \cite[562]{meul-plants1}, \cite[141]{IGP}},
  name        = {Indian barberry},
}

@Entry{nimba,
  description = {Azadirachta indica A. Juss. \cite[226]{gvdb}},
  name        = {neem tree},
}

@Entry{kārpāsa,
  description = {G. arboreum L. \cite[231]{adps}. Pace the identifications of \citet[92, 247]{gvdb}, since G. barbadense L. is native to South America and G. herbaceum L. which is native to Africa},
  name        = {tree cotton},
}

@Entry{dhattūra,
  description = {Datura metel, L. See \volcite{2}[305]{avs} (cf.\ \emph{Abhidhāna\-mañjarī}), \volcite{1}[\#796\,ff.]{NK}, \cite[292\,f]{potter}, \cite[132]{adps}},
  name        = {datura},
}

@Entry{aśvamāra,
  description = {Nerium oleander, L. See \cite[223]{adps}, \volcite{1}[\#1709]{NK}},
  name        = {sweet-scented oleander},
}

@Entry{aśvamāraka,
  description = {Nerium oleander, L. See \cite[223]{adps}, \volcite{1}[\#1709]{NK}},
  name        = {sweet-scented oleander},
}

@Entry{mustaka,
  description = {Cyperus rotundus, L. See \cite[316]{adps}, \volcite{2}[296]{avs}, \volcite{1}[\#782]{NK}},
  name        = {nutgrass},
}

@Entry{mustā,
  description = {Cyperus rotundus, L. See \cite[316]{adps}, \volcite{2}[296]{avs}, \volcite{1}[\#782]{NK}},
  name        = {nutgrass},
}

@Entry{gojihvā,
  description = {$\rightarrow$ \emph{gojī}. Elephantopus scaber, L. See \volcite{2}[357]{avs}},
  name        = {prickly-leaved elephant's foot},
}

@Entry{rasāñjana,
  description      = {$\rightarrow $ \emph{añjana}. See \gls{añjana}},
  name             = {elixir salve},
  modificationdate = {2023-01-22T18:32:50},
}

@Entry{giryāhvā,
  description = {$\rightarrow$ \emph{śvetā}. Clitoria ternatea, L. See \volcite{2}[129]{avs}, \volcite{1}[\#621]{NK}},
  name        = {white clitoria},
}

@Entry{śvetā,
  description = {$\rightarrow$ \emph{giryāhvā}. Clitoria ternatea, L. See \volcite{2}[129]{avs}, \volcite{1}[\#621]{NK}},
  name        = {white clitoria},
}


@Entry{gandharvahasta,
  description = {$\rightarrow$ \emph{eraṇḍa}. \cite[135]{gvdb}, \volcite{3}[2277]{imp}},
  name        = {castor oil tree},
}

@Entry{dhānyāmla,
  description = {$\rightarrow$ \emph{kāñjī, kāñjikā, sauvīra}. \cite[458]{gvdb}, \volcite{2}[appendix VI, \#18]{NK}},
  name        = {fermented rice-water},
}

@Entry{surāmaṇḍa,
  description = {\volcite{2}[502]{imp}, \volcite{2}[appendix VI, \#49]{NK}, \cite[39]{mchu-2021}},
  name        = {top layer of fermented liquor},
}

@Entry{picu,
  description = {See \gls{kārpāsa} (\emph{kārpāsa})},
  name        = {tree cotton},
}

@Entry{taila,
  description      = {Sesamum indicum L. \cite[183]{gvdb}},
  name             = {sesame oil},
  creationdate     = {2023-01-22T18:43:27},
  modificationdate = {2023-01-22T18:50:54},
}

@Entry{mṛṇāla,
  description = {``Leaf stalk of \gls{kamala}'' \cite[318]{gvdb}},
  name        = {lotus stalk},
}

@Entry{kamala,
  description = {Nelumbo nucifera Gaertn. \cite[73--74]{gvdb}},
  name        = {sacred lotus},
}

@Entry{lāmajj,
  description = {Andropogon iwarancusa, Roxb. See \volcite{1}[\#176]{NK}},
  name        = {lāmajja grass},
}

@Entry{indragopa,
  description = {Kerria lacca (Kerr.). \cite{lien-1978}},
  name        = {velvet-mite},
}

@Entry{udaśvit,
  description = {\cite[183]{moni-sans}},
  name        = {watered buttermilk},
}

@Entry{āmra,
  description = {Mangifera indica Linn. \cite[37]{gvdb}},
  name        = {mango},
}

@Entry{harītakī,
  description = {Terminalia chebula Retz. \cite[466]{gvdb}},
  name        = {chebulic myrobalan},
}

@Entry{aṅkolla,
  description = {Alangium salvifolium (Linn. f.) Wang. \cite[5--6]{gvdb}},
  name        = {sage-leaved alangium},
}

@Entry{saptachada,
  description = {Alstonia scholaris R. Br. \cite[420]{gvdb}},
  name        = {blackboard tree},
}

@Entry{śirīṣamāṣaka,
  description = {Albizia lebbeck, Benth. See \volcite{1}[81]{avs}, \volcite{1}[\#91]{NK}},
  name        = {siris seeds},
}

@Entry{māṣaka,
  description = {Phaseolus mungo Linn. \cite[308]{gvdb}},
  name        = {mung beans},
}

@Entry{somavallī,
  description = {Tinospora cordifolia (Thunb.) Miers. \cite[456]{gvdb}. Likely, but uncertain},
  name        = {heart-leaved moonseed},
}

@Entry{amṛtā,
  description = {$\rightarrow$ \emph{guḍūcī}. Tinospora cordifolia, (Willd.) Hook.f. \& Thoms.?. See \cite[38]{adps}, \volcite{1}[\#2472, 624]{NK}, Dastur \#229},
  name        = {heart-leaved moonseed},
}

@Entry{guḍūcī,
  description = {Tinospora cordifolia (Willd.) Miers. \cite[141--142]{gvdb}, \volcite{1}[\#624, \#2472]{NK}},
  name        = {heart-leaved moonseed},
}

@Entry{mūṣikakarṇī,
  description = {Jatopha curcas, L. \volcite{3}[261]{avs}, \volcite{1}[\#1374]{NK}. \cites[317]{gvdb}[23--25]{adps} discuss this issue well},
  name        = {woodrose},
}

@Entry{phañjī,
  description = {Clerodendrum serratum, L. See \volcite{2}[121]{avs}, \cite[87]{adps}},
  name        = {verbena},
}

@Entry{payasyā,
  description = {Uncertain. Possibly Tylophora indica (Burm.f.) Merr. Perhaps a synonym of \gls{arkapuṣpī}, \gls{kṣīravidārī}, \gls{kṣīrakākolī}, and \gls{kṣīriṇī} \citep[237--238]{gvdb}. Also ``curds'' when not a plant},
  name        = {Indian ipecac},
}

@Entry{bandhujīva,
  description = {Pentapetes phoenicea, L. \cite[\#1836]{NK}, \cite[268]{gvdb}},
  name        = {scarlet mallow},
}

@Entry{ativiṣā,
  description = {Aconitum heterophyllum Wall. \cite[12]{gvdb}, \volcite{1}[\#39]{NK}. Also ``atis roots''},
  name        = {Himalayan monkshood},
}

@Entry{ajaruhā,
  description = {Nephrodium species \cite[7]{gvdb}, uncertain. Perhbaps Christella dentata(Forssk.) Brownsey \& Jermy, which is reported to have folk applications against skin diseases in India},
  name        = {fern},
}

@Entry{agnika,
  description = {$\rightarrow$ may be \emph{bhalātaka, lāṅgalī, ajamodā, moraṭa, or agnimantha}, \cite[4]{gvdb}. Uncertain},
  name        = {wild celery},
}

@Entry{kośavatī,
  description = {= \emph{koṣītakī}, \gls{koṣītakī}},
  name        = {luffa gourd},
}

@Entry{koṣītakī,
  description = {= \emph{kośātakī}. Luffa cylindrica, (L.) M. J. Roem. or L. acutangula, (L.) Roxb. \cite[252--253]{adps}, \volcite{1}[\#1514 etc.]{NK}, \cite[121]{gvdb}},
  name        = {luffa},
}

@Entry{kośātaka,
  description = {= \emph{koṣītakī}, \gls{koṣītakī}},
  name        = {luffa},
}

@Entry{moraṭa,
  description = {$\rightarrow$ \emph{mūrvī}, Marsdenia tenacissima (Roxb.) Wight et Arn. Good discussion at \cite[314--316, 324]{gvdb}},
  name        = {rajmahal hemp},
}

@Entry{mūrvī,
  description = {$\rightarrow$ \emph{moraṭa}, Marsdenia tenacissima (Roxb.) Wight et Arn. Good discussion at \cite[314--316, 324]{gvdb}},
  name        = {rajmahal hemp},
}

@Entry{ajamodā,
  description = {Apium graveolens, L.},
  name        = {wild celery},
}

@Entry{sūryavallī,
  description = {$\rightarrow$ \emph{ādityavallī, sūryamukhī}, Helianthus annūs Linn. \cite[35, 443]{gvdb}},
  name        = {sunflower},
}

@Entry{arkapuṣpī,
  description = {$\rightarrow$ \emph{arkaparṇī}, Tylophora indica (Burm. f.) Merr. \cite[23--24]{gvdb}. Maybe identical to \gls{payasyā}, \gls{kṣīravidārī} and similar sweet, milky plants. See \cite[24, 127, 238, 441, 443]{gvdb} for discussion. For discussion in the context of \gls{jīvantī}, see \cite[195]{adps} and \volcite{3}[171]{avs}. The etymology of the name suggests Helianthus annus Linn., but this plant is native to the Americas},
  name        = {panacea twiner},
}

@Entry{paṭola,
  description = {Trichosanthes dioica, Roxb. \cite[232--233]{gvdb}},
  name        = {pointed gourd},
}

@Entry{arkaparṇī,
  description = {See \emph{arkapuṣpī}, \gls{arkapuṣpī}},
  name        = {panacea twiner},
}

@Entry{alābu,
  description = {Lagenaria siceraria Standl. \cite[25]{gvdb}. Some say Lagenaria vulgaris, Seringe (\volcite{1}[\#1419]{NK}) but this is not appropriate for blood-letting},
  name        = {gourd},
}

@Entry{varmimatsya,
  description = {Almost certainly the mottled eel.    \cite[962c]{moni-sans} noted that the \emph{varmi} fish “is commonly called \emph{vāmi}.”  The “vam fish,” or “\textbengali{বান মাছ} (\emph{bān māch})” in Bengal, is a marine and freshwater eel, \emph{Anguilla bengalensis}. It is the most    common eel in Indian inland waters and a prized food fish    \citep{froe-2022}.  However, some NIA languages identify the “vam” fish    with the Indian Pike Conger, \emph{Congresox talabonides} (Bleeker)    \citep[235, 236]{talw-1984}},
  name        = {Indian mottled eel},
}

@Entry{mātuluṅga,
  description = {Citrus medica, Linn. \cite[276, 306]{gvdb}.  Also spelled \emph{mātuliṅga, mātulaṅga, mātulāṅga}},
  name        = {citron},
}

@Entry{kumuda,
  description = {Nymphaea alba, Linn.  \cite[105]{gvdb}},
  name        = {white water-lily},
}

@Entry{śaivāla,
  description = {also \emph{śaivāla}, \emph{śevāra}. Zannichellia palustris L.  The uncertainties of this identification are discussed by \citet[409]{gvdb}. Sometimes identified with \gls{dūrvā} (\emph{dūrvā}) \citep[409]{gvdb}. Identified as Ceratophyllum demersum Linn. (``hornwort'') by \volcite{2}[56--57]{avs}x},
  name        = {horned pondweed},
}

@Entry{saugandhika,
  description = {A type of \emph{kumuda} or \emph{utpala} \citep[457]{gvdb}},
  name        = {fragrant lotus},
}

@Entry{nata,
  description = {$\rightarrow$ \gls{tagara} \cite[215]{gvdb}},
  name        = {crape jasmine},
}

@Entry{dūrvā,
  description = {Cynodon dactylon (Linn.) Pers. \citep[205]{gvdb}},
  name        = {scutch grass},
}

@Entry{vallūra,
  description = {\cite[929]{moni-sans}, \volcite{1}[730]{josi-maha}.  The term is used, rarely, in both the CS (1.5.10) and SS (1.13.	16, 6.42.75--76).  It is a Dravidian loanword and occurs in the \emph{Arthaśāstra} etc.  \pvolcite{3}[167]{mayr-kurz}},
  name        = {dried meat},
}

@Entry{saindhava,
  description = {See \volcite{2}[M\#48]{NK}, \cite[963--971]{watt-comm}},
  name        = {rock salt},
}

@Entry{śāli,
  description = {Oriza sativa, Linn. \cite[395--396]{gvdb}},
  name        = {unhusked rice},
}

@Entry{taṇḍula,
  description = {Oriza sativa, Linn.  Same as \gls{śāli} (\emph{śāli}) \cite[174]{gvdb}; or just "grains"},
  name        = {rice grains},
}

@Entry{kāṇḍana,
  description = {The word \emph{kāṇḍana} is not found in dictionaries; \emph{kaṇḍana} is threshing, separating the chaff from the grain in a mortar.  Cf. \ Hemādri's \emph{Caturvargacintāmaṇi} \pvolcite{2}[8]{pwk} (\volcite{1}[138: 21]{siro-1873}, citing the \emph{Vāyupurāṇa})},
  name        = {chaff},
}

@Entry{cilicima,
  description = {An unidentified fish that is absolutely not to be eaten with milk.  Described in Bhela (1.12.7), Caraka (1.26.83) and Suśruta (1.20.8, 13).  Circular, red streaks, round eyes and prominent scales, and "normally goes on land."},
  name        = {scaly, red-streaked fish},
}

@Entry{indīvara,
  description = {Uncertain; possibly Celosia argentea Linn.  But see the useful discussion in \cite[44--45]{gvdb}.  Possibly another name for \gls{karambha} (\emph{karambha}), q.v.},
  name        = {plumed cockscomb},
}

@Entry{ghuṇa,
  description = {See \href{https://www.atharvaveda-online.uzh.ch/edition/04/016}{note to Atharvaveda 4.16}},
  name        = {woodworm},
}

@Entry{śālitaṇḍulakāṇḍana,
  description = {See \gls{kāṇḍana}},
  name        = {rice-grain chaff},
}

@Comment{jabref-meta: databaseType:biblatex;}

@Comment{jabref-meta: saveActions:disabled;
all-text-fields[identity]
date[normalize_date]
month[normalize_month]
pages[normalize_page_numbers]
;}

@Comment{jabref-entrytype: entry: req[Name;Description] opt[]}
